<?xml version="1.0" encoding="UTF-8"?><collection xmlns="http://www.loc.gov/MARC21/slim"><record><leader>00404nam--2200133-i-4500</leader><controlfield tag="001">000022447</controlfield><controlfield tag="002">20161230</controlfield><controlfield tag="005">20161230201034</controlfield><controlfield tag="008">060222s1000------------r-----000-0-eng-d</controlfield><datafield ind1=" " ind2=" " tag="080"><subfield code="a">53:54(047)</subfield></datafield><datafield ind1=" " ind2=" " tag="245"><subfield code="a">Handbook of chemistru and physics. a ready referance book of chemical and physical data</subfield></datafield><datafield ind1=" " ind2=" " tag="260"><subfield code="a">Cleveland, Ohio, The Chemical Rubber, 1964. Xxi + P.Dif</subfield></datafield><datafield ind1=" " ind2=" " tag="700"><subfield code="a">Robert C.West</subfield></datafield><datafield ind1=" " ind2=" " tag="852"><subfield code="a">21647</subfield></datafield></record></collection>